@online{trello,
author = {Trello},
title = {Trello},
url = {https://trello.com/}
}

@online{angular,
author={Google},
title = {AngularJS},
url = {https://angularjs.org/}
}

@online{scrum,
author={Dan, Radigan},
title = {Scrum},
url = {https://www.atlassian.com/agile/scrum}
}

@online{kanban,
author={Dan, Radigan},
title = {Kanban},
url = {https://www.atlassian.com/agile/scrum}
}


@online{smart,
author={Maarten Ectors},
title = {The Future Of your Smart Home},
url = {http://www.huffingtonpost.co.uk/maarten-ectors/the-future-of-your-smart-_b_11874856.html},
year = {2016},
month = {September},
day = {7}
}

@online{apple,
author={Apple},
year = {2014},
month = {June},
day = {2},
title = {Getting started with iBeacon},
url = {https://developer.apple.com/ibeacon/Getting-Started-with-iBeacon.pdf}
}

@online{blueup,
author={BlueUp},
title = {BlueUp - Pagina di supporto},
url = {http://www.blueupbeacons.com/index.php?page=support}
}

@online{RFC4122,
author={IETF},
month={July},
year={2005},
title={A Universally Unique IDentifier (UUID) URN Namespace},
url={https://tools.ietf.org/html/rfc4122}
}

@online{RFC2616,
author={IETF},
month={June},
year={1999},
title={Hypertext Transfer Protocol -- HTTP/1.1},
url={https://tools.ietf.org/html/rfc2616}
}

@online{RFC6455,
author={IETF},
month={December},
year={2011},
title={The WebSocket Protocol},
url={https://tools.ietf.org/html/rfc6455}
}

@online{node,
author={Node},
title = {Node},
url = {https://nodejs.org/en/}
}

@online{mongodb,
author={MongoDB},
title = {MongoDB},
url = {https://www.mongodb.com/nosql-explained?jmp=footer}
}

@online{swagger,
author={Swagger},
title = {Swagger},
url = {http://swagger.io/}
}

@online{rest,
author={Norberto Leite},
month={April},
year={2015},
title={Building your first application with MongoDB: Creating a REST API using the MEAN Stack},
url={https://www.mongodb.com/blog/post/building-your-first-application-mongodb-creating-rest-api-using-mean-stack-part-1?jmp=docs&_ga=1.200080494.1978830653.1465371972}
}

@book{html5,
author = {Peter, Lubbers and Brian, Albers and Frank, Salim},
title = {HTML5 Tecniche professionali},
publisher = {Hoepli},
date = {2011},
location = {Milano},
}

